
		<record>
			<recordSchema>marcxml</recordSchema>
			<recordPacking>xml</recordPacking>
			<recordData>
				<record xmlns="http://www.loc.gov/MARC21/slim">
					<leader>02933cam  22027183u 4500</leader>
					<controlfield tag="001">9911248181905506</controlfield>
					<controlfield tag="008">220128s2019||||||||||||o|||||||||||engsd</controlfield>
					<datafield ind1=" " ind2=" " tag="035">
						<subfield code="a">(CKB)5410000000484262</subfield>
					</datafield>
					<datafield ind1=" " ind2=" " tag="035">
						<subfield code="a">(UtSlPG)60039</subfield>
					</datafield>
					<datafield ind1=" " ind2=" " tag="035">
						<subfield code="a">(EXLCZ)995410000000484262</subfield>
					</datafield>
					<datafield ind1=" " ind2=" " tag="040">
						<subfield code="a">UtSlPG</subfield>
						<subfield code="b">eng</subfield>
						<subfield code="c">IL-JeEL</subfield>
					</datafield>
					<datafield ind1=" " ind2=" " tag="041">
						<subfield code="a">eng</subfield>
					</datafield>
					<datafield ind1=" " ind2=" " tag="100">
						<subfield code="a">King, William Lyon Mackenzie</subfield>
						<subfield code="d">1874-1950</subfield>
						<subfield code="e">Author</subfield>
					</datafield>
					<datafield ind1="1" ind2="0" tag="245">
						<subfield code="a">The Secret of Heroism: A Memoir of Henry Albert Harper</subfield>
					</datafield>
					<datafield ind1=" " ind2=" " tag="246">
						<subfield code="a">Secret of Heroism</subfield>
					</datafield>
					<datafield ind1=" " ind2=" " tag="260">
						<subfield code="b">Project Gutenberg</subfield>
					</datafield>
					<datafield ind1=" " ind2=" " tag="542">
						<subfield code="f">Public domain in the USA.</subfield>
						<subfield code="k">Project Gutenberg</subfield>
						<subfield code="i">2019-08-01</subfield>
					</datafield>
					<datafield ind1="1" ind2="4" tag="650">
						<subfield code="a">Harper</subfield>
						<subfield code="a">Henry Albert</subfield>
						<subfield code="a">1873-1901</subfield>
					</datafield>
					<datafield ind1=" " ind2=" " tag="906">
						<subfield code="a">BOOK</subfield>
					</datafield>
					<datafield ind1=" " ind2=" " tag="AVE">
						<subfield code="8">5379435920005506</subfield>
						<subfield code="c">6165459860005506</subfield>
						<subfield code="e">Available</subfield>
						<subfield code="m">Project Gutenberg Online Catalog</subfield>
						<subfield code="t">Project Gutenberg</subfield>
						<subfield code="a">41SLSP_HSG</subfield>
						<subfield code="0">9911248181905506</subfield>
					</datafield>
				</record>
			</recordData>
			<recordIdentifier>9911248181905506</recordIdentifier>
			<recordPosition>103</recordPosition>
		</record>