
		<record>
			<recordSchema>marcxml</recordSchema>
			<recordPacking>xml</recordPacking>
			<recordData>
				<record xmlns="http://www.loc.gov/MARC21/slim">
					<leader>03957cam  22037653u 4500</leader>
					<controlfield tag="001">9911247797405506</controlfield>
					<controlfield tag="008">220128s2018||||||||||||o|||||||||||engsd</controlfield>
					<datafield ind1=" " ind2=" " tag="035">
						<subfield code="a">(CKB)5410000000480065</subfield>
					</datafield>
					<datafield ind1=" " ind2=" " tag="035">
						<subfield code="a">(UtSlPG)56345</subfield>
					</datafield>
					<datafield ind1=" " ind2=" " tag="035">
						<subfield code="a">(EXLCZ)995410000000480065</subfield>
					</datafield>
					<datafield ind1=" " ind2=" " tag="040">
						<subfield code="a">UtSlPG</subfield>
						<subfield code="b">eng</subfield>
						<subfield code="c">IL-JeEL</subfield>
					</datafield>
					<datafield ind1=" " ind2=" " tag="041">
						<subfield code="a">eng</subfield>
					</datafield>
					<datafield ind1=" " ind2=" " tag="100">
						<subfield code="a">Barton, George</subfield>
						<subfield code="d">1866-1940</subfield>
						<subfield code="e">Author</subfield>
					</datafield>
					<datafield ind1="1" ind2="0" tag="245">
						<subfield code="a">The World's Greatest Military Spies and Secret Service Agents</subfield>
					</datafield>
					<datafield ind1=" " ind2=" " tag="260">
						<subfield code="b">Project Gutenberg</subfield>
					</datafield>
					<datafield ind1=" " ind2=" " tag="505">
						<subfield code="a">The Alsatian smuggler who helped Napoleon to capture the Austrian army -- Belle Boyd, the Confederate girl who saved Stonewall Jackson -- The Indian scout who was the hero of King Philip's war -- How the suicide of a staff officer once averted war betwen Austria and Russia -- The romantic side of Major André's unsuccessful exploit -- The strange adventures of the Chevalier D'Eon at the Russian court -- How Napoleon's chief spy hoodwinked the Emperor of Austria -- Lydia Darrah, the brave Quakeress who saved Washington's army from destruction -- Doctor Steiber and the mystery of the Franco-Prussian War -- The adventure of Private Morgan in the camp of Cornwallis -- The mysterious and romantic case of General Napper Tandy -- How Monsieur de Meinau helped to make Jerome Bonaparte king of Westphalia -- The strange mystery surrounding the betrayal of Captain Nathan Hale -- Major Le Caron and the Fenian invasion of Canada -- How Emma Edmonds penetrated the Confederate lines -- The amazing adventure of Brigadier-General Lafayette C. Baker -- The mysterious "F" and the captured troopers -- The mysterious man who asked for a light -- Carl Lody and spies of the world's greatest war.</subfield>
					</datafield>
					<datafield ind1=" " ind2=" " tag="542">
						<subfield code="f">Public domain in the USA.</subfield>
						<subfield code="k">Project Gutenberg</subfield>
						<subfield code="i">2018-01-09</subfield>
					</datafield>
					<datafield ind1=" " ind2=" " tag="906">
						<subfield code="a">BOOK</subfield>
					</datafield>
					<datafield ind1=" " ind2=" " tag="AVE">
						<subfield code="8">5379320590005506</subfield>
						<subfield code="c">6165459860005506</subfield>
						<subfield code="e">Available</subfield>
						<subfield code="m">Project Gutenberg Online Catalog</subfield>
						<subfield code="t">Project Gutenberg</subfield>
						<subfield code="a">41SLSP_HSG</subfield>
						<subfield code="0">9911247797405506</subfield>
					</datafield>
				</record>
			</recordData>
			<recordIdentifier>9911247797405506</recordIdentifier>
			<recordPosition>110</recordPosition>
		</record>