
		<record>
			<recordSchema>marcxml</recordSchema>
			<recordPacking>xml</recordPacking>
			<recordData>
				<record xmlns="http://www.loc.gov/MARC21/slim">
					<leader>03246nam a22006375i 4500</leader>
					<controlfield tag="001">9911016507305506</controlfield>
					<controlfield tag="005">20220919011530.0</controlfield>
					<controlfield tag="006">m|||||o||d||||||||</controlfield>
					<controlfield tag="007">cr#cnu||||||||</controlfield>
					<controlfield tag="008">200623t20202020mau    fo  d z000 0 eng d</controlfield>
					<datafield ind1=" " ind2=" " tag="020">
						<subfield code="a">0-674-24531-8</subfield>
					</datafield>
					<datafield ind1=" " ind2=" " tag="020">
						<subfield code="a">0-674-24536-9</subfield>
					</datafield>
					<datafield ind1="7" ind2=" " tag="024">
						<subfield code="a">10.4159/9780674245365</subfield>
						<subfield code="2">doi</subfield>
					</datafield>
					<datafield ind1=" " ind2=" " tag="035">
						<subfield code="a">(CKB)4100000011242372</subfield>
					</datafield>
					<datafield ind1=" " ind2=" " tag="035">
						<subfield code="a">(MiAaPQ)EBC6190717</subfield>
					</datafield>
					<datafield ind1=" " ind2=" " tag="035">
						<subfield code="a">(DE-B1597)549783</subfield>
					</datafield>
					<datafield ind1=" " ind2=" " tag="035">
						<subfield code="a">(DE-B1597)9780674245365</subfield>
					</datafield>
					<datafield ind1=" " ind2=" " tag="035">
						<subfield code="a">(OCoLC)1153802942</subfield>
					</datafield>
					<datafield ind1=" " ind2=" " tag="035">
						<subfield code="a">(EXLCZ)994100000011242372</subfield>
					</datafield>
					<datafield ind1=" " ind2=" " tag="040">
						<subfield code="a">DE-B1597</subfield>
						<subfield code="b">eng</subfield>
						<subfield code="c">DE-B1597</subfield>
						<subfield code="e">rda</subfield>
					</datafield>
					<datafield ind1="0" ind2=" " tag="041">
						<subfield code="a">eng</subfield>
					</datafield>
					<datafield ind1=" " ind2=" " tag="044">
						<subfield code="a">mau</subfield>
						<subfield code="c">US-MA</subfield>
					</datafield>
					<datafield ind1=" " ind2="4" tag="050">
						<subfield code="a">BH201</subfield>
						<subfield code="b">.N49 2020</subfield>
					</datafield>
					<datafield ind1=" " ind2="7" tag="072">
						<subfield code="a">PHI001000</subfield>
						<subfield code="2">bisacsh</subfield>
					</datafield>
					<datafield ind1="0" ind2="4" tag="082">
						<subfield code="a">111/.85</subfield>
						<subfield code="2">23</subfield>
					</datafield>
					<datafield ind1="1" ind2=" " tag="100">
						<subfield code="a">Ngai, Sianne,</subfield>
						<subfield code="e">author.</subfield>
						<subfield code="4">aut</subfield>
						<subfield code="4">http://id.loc.gov/vocabulary/relators/aut</subfield>
					</datafield>
					<datafield ind1="1" ind2="0" tag="245">
						<subfield code="a">Theory of the Gimmick :</subfield>
						<subfield code="b">Aesthetic Judgment and Capitalist Form /</subfield>
						<subfield code="c">Sianne Ngai.</subfield>
					</datafield>
					<datafield ind1="3" ind2="0" tag="246">
						<subfield code="a">Aesthetic Judgment and Capitalist Form</subfield>
					</datafield>
					<datafield ind1=" " ind2="1" tag="264">
						<subfield code="a">Cambridge, MA :</subfield>
						<subfield code="b">Harvard University Press,</subfield>
						<subfield code="c">[2020]</subfield>
					</datafield>
					<datafield ind1=" " ind2="4" tag="264">
						<subfield code="c">©2020</subfield>
					</datafield>
					<datafield ind1=" " ind2=" " tag="300">
						<subfield code="a">1 online resource (417 pages) :</subfield>
						<subfield code="b">illustrations</subfield>
					</datafield>
					<datafield ind1=" " ind2=" " tag="336">
						<subfield code="a">text</subfield>
						<subfield code="b">txt</subfield>
						<subfield code="2">rdacontent</subfield>
					</datafield>
					<datafield ind1=" " ind2=" " tag="337">
						<subfield code="a">computer</subfield>
						<subfield code="b">c</subfield>
						<subfield code="2">rdamedia</subfield>
					</datafield>
					<datafield ind1=" " ind2=" " tag="338">
						<subfield code="a">online resource</subfield>
						<subfield code="b">cr</subfield>
						<subfield code="2">rdacarrier</subfield>
					</datafield>
					<datafield ind1=" " ind2=" " tag="504">
						<subfield code="a">Includes bibliographical references and index.</subfield>
					</datafield>
					<datafield ind1="0" ind2=" " tag="588">
						<subfield code="a">Description based on online resource; title from PDF title page (publisher's Web site, viewed 23. Jun 2020)</subfield>
					</datafield>
					<datafield ind1=" " ind2=" " tag="520">
						<subfield code="a">Acclaimed critic Sianne Ngai theorizes the gimmick as an aesthetic category reflecting the fundamental laws of capitalism. Gimmicks make promises of saving labor and increasing value that we distrust but also find attractive. Exploring the use of this form, Ngai shows how its aesthetic dissatisfactions reflect deeper anxieties about capitalism.</subfield>
					</datafield>
					<datafield ind1=" " ind2=" " tag="546">
						<subfield code="a">In English.</subfield>
					</datafield>
					<datafield ind1="0" ind2="0" tag="505">
						<subfield code="t">Frontmatter --</subfield>
						<subfield code="t">Contents --</subfield>
						<subfield code="t">Introduction --</subfield>
						<subfield code="t">Chapter One. Theory of the Gimmick --</subfield>
						<subfield code="t">Chapter Two. Transparency and Magic in the Gimmick as Technique --</subfield>
						<subfield code="t">Chapter Three. Readymade Ideas --</subfield>
						<subfield code="t">Chapter Four. It Follows, or Financial Imps --</subfield>
						<subfield code="t">Chapter Five. Visceral Abstractions --</subfield>
						<subfield code="t">Chapter Six. Rødland’s Gimmick --</subfield>
						<subfield code="t">Chapter Seven. The Color of Value: Stan Douglas’s Suspiria --</subfield>
						<subfield code="t">Chapter Eight. Henry James’s “Same Secret Principle” --</subfield>
						<subfield code="t">Notes --</subfield>
						<subfield code="t">Acknowledgments --</subfield>
						<subfield code="t">Index</subfield>
					</datafield>
					<datafield ind1=" " ind2="0" tag="650">
						<subfield code="a">Aesthetics, Modern</subfield>
						<subfield code="y">21st century.</subfield>
					</datafield>
					<datafield ind1=" " ind2="0" tag="650">
						<subfield code="a">Aesthetics, Modern</subfield>
						<subfield code="y">20th century.</subfield>
					</datafield>
					<datafield ind1=" " ind2="0" tag="650">
						<subfield code="a">Aesthetics, Modern</subfield>
						<subfield code="x">Philosophy.</subfield>
					</datafield>
					<datafield ind1=" " ind2="0" tag="650">
						<subfield code="a">Influence (Literary, artistic, etc.)</subfield>
					</datafield>
					<datafield ind1=" " ind2="0" tag="650">
						<subfield code="a">Hoaxes.</subfield>
					</datafield>
					<datafield ind1=" " ind2="0" tag="650">
						<subfield code="a">Capitalism.</subfield>
					</datafield>
					<datafield ind1=" " ind2="7" tag="650">
						<subfield code="a">PHILOSOPHY / Aesthetics</subfield>
						<subfield code="2">bisacsh</subfield>
					</datafield>
					<datafield ind1=" " ind2="7" tag="650">
						<subfield code="a">Aesthetics, Modern</subfield>
						<subfield code="2">fast</subfield>
						<subfield code="0">(OCoLC)fst00798800</subfield>
					</datafield>
					<datafield ind1=" " ind2="7" tag="650">
						<subfield code="a">Capitalism</subfield>
						<subfield code="2">fast</subfield>
						<subfield code="0">(OCoLC)fst00846425</subfield>
					</datafield>
					<datafield ind1=" " ind2="7" tag="650">
						<subfield code="a">Hoaxes</subfield>
						<subfield code="2">fast</subfield>
						<subfield code="0">(OCoLC)fst01750258</subfield>
					</datafield>
					<datafield ind1=" " ind2="7" tag="650">
						<subfield code="a">Influence (Literary, artistic, etc.)</subfield>
						<subfield code="2">fast</subfield>
						<subfield code="0">(OCoLC)fst00972484</subfield>
					</datafield>
					<datafield ind1=" " ind2="7" tag="650">
						<subfield code="a">Literary theory.</subfield>
						<subfield code="2">thema</subfield>
					</datafield>
					<datafield ind1=" " ind2="7" tag="650">
						<subfield code="a">Philosophy: aesthetics.</subfield>
						<subfield code="2">thema</subfield>
					</datafield>
					<datafield ind1=" " ind2="7" tag="650">
						<subfield code="a">Popular philosophy.</subfield>
						<subfield code="2">thema</subfield>
					</datafield>
					<datafield ind1=" " ind2="7" tag="650">
						<subfield code="a">Literature.</subfield>
						<subfield code="2">ukslc</subfield>
					</datafield>
					<datafield ind1="0" ind2="8" tag="776">
						<subfield code="i">Print version:</subfield>
						<subfield code="a">Ngai, Sianne</subfield>
						<subfield code="t">Theory of the gimmick</subfield>
						<subfield code="d">Cambridge, Massachusetts : The Belknap Press of Harvard University Press, 2020</subfield>
						<subfield code="z">9780674984547</subfield>
						<subfield code="w">(DLC)  2019038757</subfield>
						<subfield code="w">(OCoLC)1111393809</subfield>
					</datafield>
					<datafield ind1=" " ind2=" " tag="906">
						<subfield code="a">BOOK</subfield>
					</datafield>
					<datafield ind1=" " ind2=" " tag="AVE">
						<subfield code="8">5364942440005506</subfield>
						<subfield code="c">6164319640005506</subfield>
						<subfield code="e">Available</subfield>
						<subfield code="m">Ebook Central Perpetual, DDA and Subscription Titles</subfield>
						<subfield code="t">Ebook Central</subfield>
						<subfield code="a">41SLSP_HSG</subfield>
						<subfield code="0">9911016507305506</subfield>
					</datafield>
				</record>
			</recordData>
			<recordIdentifier>9911016507305506</recordIdentifier>
			<recordPosition>112</recordPosition>
		</record>