
		<record>
			<recordSchema>marcxml</recordSchema>
			<recordPacking>xml</recordPacking>
			<recordData>
				<record xmlns="http://www.loc.gov/MARC21/slim">
					<leader>01979nam a2200421 c 4500</leader>
					<controlfield tag="001">9911324859805506</controlfield>
					<controlfield tag="005">20230407192704.0</controlfield>
					<controlfield tag="008">210812t20212021xxua|||  b||| 00||| eng d</controlfield>
					<datafield ind1=" " ind2=" " tag="020">
						<subfield code="a">9780062887672</subfield>
					</datafield>
					<datafield ind1=" " ind2=" " tag="035">
						<subfield code="a">(EXLNZ-41SLSP_NETWORK)991170728026605501</subfield>
					</datafield>
					<datafield ind1=" " ind2=" " tag="040">
						<subfield code="a">DE-604</subfield>
						<subfield code="b">ger</subfield>
						<subfield code="e">rda</subfield>
						<subfield code="d">CH-ZuSLS BCUFR</subfield>
					</datafield>
					<datafield ind1="0" ind2=" " tag="041">
						<subfield code="a">eng</subfield>
					</datafield>
					<datafield ind1="7" ind2="4" tag="082">
						<subfield code="a">330</subfield>
						<subfield code="2">23sdnb</subfield>
					</datafield>
					<datafield ind1="1" ind2=" " tag="100">
						<subfield code="6">880-01</subfield>
						<subfield code="a">Garten, Jeffrey E</subfield>
						<subfield code="0">(IDREF)032277873</subfield>
						<subfield code="4">aut</subfield>
					</datafield>
					<datafield ind1="1" ind2=" " tag="880">
						<subfield code="6">100-01/(B</subfield>
						<subfield code="a">Garten, Jeffrey E.</subfield>
						<subfield code="d">1946-</subfield>
						<subfield code="4">aut</subfield>
						<subfield code="0">(DE-588)170699986</subfield>
					</datafield>
					<datafield ind1="1" ind2="0" tag="245">
						<subfield code="a">Three days at Camp David</subfield>
						<subfield code="b">how a secret meeting in 1971 transformed the global economy</subfield>
						<subfield code="c">Jeffrey E. Garten</subfield>
					</datafield>
					<datafield ind1="1" ind2="3" tag="246">
						<subfield code="a">3 days at Camp David</subfield>
					</datafield>
					<datafield ind1=" " ind2="1" tag="264">
						<subfield code="a">New York, NY</subfield>
						<subfield code="b">Harper, an imprint of Harper Collins Publishers</subfield>
						<subfield code="c">[2021]</subfield>
					</datafield>
					<datafield ind1=" " ind2="4" tag="264">
						<subfield code="c">© 2021</subfield>
					</datafield>
					<datafield ind1=" " ind2=" " tag="300">
						<subfield code="a">435 Seiten</subfield>
						<subfield code="b">Illustrationen</subfield>
					</datafield>
					<datafield ind1=" " ind2=" " tag="336">
						<subfield code="b">txt</subfield>
						<subfield code="2">rdacontent</subfield>
					</datafield>
					<datafield ind1=" " ind2=" " tag="337">
						<subfield code="b">n</subfield>
						<subfield code="2">rdamedia</subfield>
					</datafield>
					<datafield ind1=" " ind2=" " tag="338">
						<subfield code="b">nc</subfield>
						<subfield code="2">rdacarrier</subfield>
					</datafield>
					<datafield ind1="3" ind2=" " tag="520">
						<subfield code="a">"The former dean of the Yale School of Management and Undersecretary of Commerce in the Clinton administration chronicles the 1971 August meeting at Camp David, where President Nixon unilaterally ended the last vestiges of the gold standard--breaking the link between gold and the dollar--transforming the entire global monetary system"--</subfield>
					</datafield>
					<datafield ind1="1" ind2="7" tag="600">
						<subfield code="a">Nixon, Richard Milhous</subfield>
						<subfield code="d">1913-1994</subfield>
						<subfield code="0">(IDREF)027048632</subfield>
						<subfield code="2">idref</subfield>
					</datafield>
					<datafield ind1=" " ind2="7" tag="650">
						<subfield code="a">Système monétaire international</subfield>
						<subfield code="0">(IDREF)027481425</subfield>
						<subfield code="2">idref</subfield>
					</datafield>
					<datafield ind1=" " ind2="7" tag="650">
						<subfield code="a">Politique monétaire</subfield>
						<subfield code="0">(IDREF)027728382</subfield>
						<subfield code="2">idref</subfield>
					</datafield>
					<datafield ind1=" " ind2="7" tag="650">
						<subfield code="a">Étalon-or</subfield>
						<subfield code="0">(IDREF)027819930</subfield>
						<subfield code="2">idref</subfield>
					</datafield>
					<datafield ind1=" " ind2="7" tag="650">
						<subfield code="a">Histoire économique</subfield>
						<subfield code="0">(IDREF)027616134</subfield>
						<subfield code="2">idref</subfield>
					</datafield>
					<datafield ind1=" " ind2="7" tag="650">
						<subfield code="a">1971</subfield>
						<subfield code="2">rero</subfield>
					</datafield>
					<datafield ind1=" " ind2="7" tag="651">
						<subfield code="a">États-Unis</subfield>
						<subfield code="0">(IDREF)027225488</subfield>
						<subfield code="2">idref</subfield>
					</datafield>
					<datafield ind1=" " ind2="7" tag="650">
						<subfield code="a">Geldpolitik</subfield>
						<subfield code="2">gnd</subfield>
						<subfield code="0">(DE-588)4019902-2</subfield>
					</datafield>
					<datafield ind1="1" ind2="7" tag="600">
						<subfield code="a">Nixon, Richard M.</subfield>
						<subfield code="2">gnd</subfield>
						<subfield code="0">(DE-588)14229120X</subfield>
					</datafield>
					<datafield ind1=" " ind2="7" tag="651">
						<subfield code="a">USA</subfield>
						<subfield code="2">gnd</subfield>
						<subfield code="0">(DE-588)4078704-7</subfield>
					</datafield>
					<datafield ind1=" " ind2="7" tag="650">
						<subfield code="a">Wechselkurs</subfield>
						<subfield code="2">gnd</subfield>
						<subfield code="0">(DE-588)4064921-0</subfield>
					</datafield>
					<datafield ind1=" " ind2="7" tag="650">
						<subfield code="a">Bretton-Woods-System</subfield>
						<subfield code="2">gnd</subfield>
						<subfield code="0">(DE-588)4146589-1</subfield>
					</datafield>
					<datafield ind1=" " ind2="7" tag="648">
						<subfield code="a">Geschichte 1971</subfield>
						<subfield code="2">gnd</subfield>
					</datafield>
					<datafield ind1=" " ind2=" " tag="900">
						<subfield code="a">OK_GND</subfield>
						<subfield code="x">UZB/UECON/202204/wue</subfield>
					</datafield>
					<datafield ind1=" " ind2=" " tag="903">
						<subfield code="a">RERO-SIGN</subfield>
						<subfield code="5">BCUFR/20211115/pvo</subfield>
					</datafield>
					<datafield ind1=" " ind2=" " tag="AVA">
						<subfield code="0">9911324859805506</subfield>
						<subfield code="8">2286786830005506</subfield>
						<subfield code="a">41SLSP_HSG</subfield>
						<subfield code="b">HSG</subfield>
						<subfield code="c">Ground Floor</subfield>
						<subfield code="d">QM 330 G244</subfield>
						<subfield code="e">available</subfield>
						<subfield code="f">1</subfield>
						<subfield code="g">0</subfield>
						<subfield code="j">EG</subfield>
						<subfield code="k">4</subfield>
						<subfield code="p">1</subfield>
						<subfield code="q">HSG</subfield>
					</datafield>
				</record>
			</recordData>
			<recordIdentifier>9911324859805506</recordIdentifier>
			<recordPosition>113</recordPosition>
		</record>