
		<record>
			<recordSchema>marcxml</recordSchema>
			<recordPacking>xml</recordPacking>
			<recordData>
				<record xmlns="http://www.loc.gov/MARC21/slim">
					<leader>05168cam a22005058i 4500</leader>
					<controlfield tag="001">9911332036205506</controlfield>
					<controlfield tag="005">20211014151059.0</controlfield>
					<controlfield tag="006">m     o  d</controlfield>
					<controlfield tag="007">cr#|n|||||||||</controlfield>
					<controlfield tag="008">210425s2018    ne      o     000 0 eng d</controlfield>
					<datafield ind1=" " ind2=" " tag="020">
						<subfield code="a">90-04-36287-8</subfield>
						<subfield code="q">(electronic book)</subfield>
					</datafield>
					<datafield ind1=" " ind2=" " tag="020">
						<subfield code="a">9789004362871</subfield>
						<subfield code="q">(electronic book)</subfield>
					</datafield>
					<datafield ind1=" " ind2=" " tag="020">
						<subfield code="z">90-04-34040-8</subfield>
						<subfield code="q">(hardback ;</subfield>
						<subfield code="q">alk. paper)</subfield>
					</datafield>
					<datafield ind1=" " ind2=" " tag="020">
						<subfield code="z">9789004340404</subfield>
						<subfield code="q">(hardback ;</subfield>
						<subfield code="q">alk. paper)</subfield>
					</datafield>
					<datafield ind1="7" ind2=" " tag="024">
						<subfield code="a">10.1163/9789004362871</subfield>
						<subfield code="2">DOI</subfield>
					</datafield>
					<datafield ind1=" " ind2=" " tag="035">
						<subfield code="a">(oapen)https://directory.doabooks.org/handle/20.500.12854/28571</subfield>
					</datafield>
					<datafield ind1=" " ind2=" " tag="035">
						<subfield code="a">(EXLCZ)994100000002906776</subfield>
					</datafield>
					<datafield ind1=" " ind2=" " tag="040">
						<subfield code="a">NL-LeKB</subfield>
						<subfield code="c">NL-LeKB</subfield>
						<subfield code="e">rda</subfield>
						<subfield code="b">eng</subfield>
					</datafield>
					<datafield ind1="0" ind2=" " tag="041">
						<subfield code="a">eng</subfield>
					</datafield>
					<datafield ind1=" " ind2="4" tag="050">
						<subfield code="a">PN4805</subfield>
						<subfield code="b">.T73 2018</subfield>
					</datafield>
					<datafield ind1=" " ind2="7" tag="072">
						<subfield code="a">HBLH</subfield>
						<subfield code="2">bicssc</subfield>
					</datafield>
					<datafield ind1=" " ind2="7" tag="072">
						<subfield code="a">HIS037020</subfield>
						<subfield code="2">bisacsh</subfield>
					</datafield>
					<datafield ind1="0" ind2="4" tag="082">
						<subfield code="a">002.09</subfield>
					</datafield>
					<datafield ind1="1" ind2=" " tag="100">
						<subfield code="a">Gøril Brandtzæg, Siv</subfield>
						<subfield code="4">edt</subfield>
					</datafield>
					<datafield ind1="0" ind2="0" tag="245">
						<subfield code="a">Travelling chronicles. News and newspapers from the early modern period to the eighteenth century /</subfield>
						<subfield code="c">Siv Gøril Brandtzæg; Paul Goring; Christine Watson.</subfield>
					</datafield>
					<datafield ind1=" " ind2=" " tag="260">
						<subfield code="a">Leiden; Boston</subfield>
						<subfield code="b">Brill</subfield>
						<subfield code="c">2018</subfield>
					</datafield>
					<datafield ind1=" " ind2="1" tag="264">
						<subfield code="a">Leiden :</subfield>
						<subfield code="b">Koninklijke Brill NV,</subfield>
						<subfield code="c">2018.</subfield>
					</datafield>
					<datafield ind1=" " ind2=" " tag="300">
						<subfield code="a">1 online resource.</subfield>
					</datafield>
					<datafield ind1=" " ind2=" " tag="336">
						<subfield code="a">text</subfield>
						<subfield code="b">txt</subfield>
						<subfield code="2">rdacontent</subfield>
					</datafield>
					<datafield ind1=" " ind2=" " tag="337">
						<subfield code="a">computer</subfield>
						<subfield code="b">c</subfield>
						<subfield code="2">rdamedia</subfield>
					</datafield>
					<datafield ind1=" " ind2=" " tag="338">
						<subfield code="a">online resource</subfield>
						<subfield code="b">cr</subfield>
						<subfield code="2">rdacarrier</subfield>
					</datafield>
					<datafield ind1="1" ind2=" " tag="490">
						<subfield code="a">Library of the Written Word - The Handpress World ;</subfield>
						<subfield code="v">66</subfield>
					</datafield>
					<datafield ind1=" " ind2=" " tag="504">
						<subfield code="a">Includes bibliographical references and index.</subfield>
					</datafield>
					<datafield ind1="0" ind2="0" tag="505">
						<subfield code="t">Front Matter --</subfield>
						<subfield code="t">Contents /</subfield>
						<subfield code="r">Siv Gøril Brandtzæg , Paul Goring and Christine Watson --</subfield>
						<subfield code="t">Introduction /</subfield>
						<subfield code="r">Siv Gøril Brandtzæg , Paul Goring and Christine Watson --</subfield>
						<subfield code="t">A Network of Networks: Spreading the News in an Expanding World of Information /</subfield>
						<subfield code="r">Paul Goring --</subfield>
						<subfield code="t">Exordium /</subfield>
						<subfield code="r">Siv Gøril Brandtzæg , Paul Goring and Christine Watson --</subfield>
						<subfield code="t">Truth and Trust and the Eighteenth-Century Anglophone Newspaper /</subfield>
						<subfield code="r">William B. Warner --</subfield>
						<subfield code="t">Archival Limits /</subfield>
						<subfield code="r">Siv Gøril Brandtzæg , Paul Goring and Christine Watson --</subfield>
						<subfield code="t">Searching for Dr. Johnson: The Digitisation of the Burney Newspaper Collection /</subfield>
						<subfield code="r">Andrew Prescott --</subfield>
						<subfield code="t">Spreading the News within the Clerical Profession: Newspapers and the Church in the North of England, 1660-1760 /</subfield>
						<subfield code="r">Daniel Reed --</subfield>
						<subfield code="t">Manuscript, Print, Word of Mouth /</subfield>
						<subfield code="r">Siv Gøril Brandtzæg , Paul Goring and Christine Watson --</subfield>
						<subfield code="t">All the News that's Fit to Write: The Eighteenth-Century Manuscript Newsletter /</subfield>
						<subfield code="r">Rachael Scarborough King --</subfield>
						<subfield code="t">Christoff Koch (1637-1711): Sweden's Man in Moscow /</subfield>
						<subfield code="r">Heiko Droste and Ingrid Maier --</subfield>
						<subfield code="t">What the Posol'skii prikaz Really Knew: Intelligencers, Secret Agents and Their Reports /</subfield>
						<subfield code="r">Daniel C. Waugh --</subfield>
						<subfield code="t">Foreign Reporting /</subfield>
						<subfield code="r">Siv Gøril Brandtzæg , Paul Goring and Christine Watson --</subfield>
						<subfield code="t">News of Travels, Travelling News: The Mediation of Travel and Exploration in the Gazette de France and the Journal de l'Empire /</subfield>
						<subfield code="r">Marius Warholm Haugen --</subfield>
						<subfield code="t">Foreign News Reporting in Transition: James Perry and the French Constitution Ceremony /</subfield>
						<subfield code="r">Johanne Kristiansen --</subfield>
						<subfield code="t">Diplomatic Channels and Chinese Whispers: Reception and Transformation of the Moscow Uprising of 1648 in Sweden and France /</subfield>
						<subfield code="r">Malte Griesse --</subfield>
						<subfield code="t">Advertising /</subfield>
						<subfield code="r">Siv Gøril Brandtzæg , Paul Goring and Christine Watson --</subfield>
						<subfield code="t">From Piety to Profit: The Development of Newspaper Advertising in the Dutch Golden Age /</subfield>
						<subfield code="r">Arthur der Weduwen --</subfield>
						<subfield code="t">Mercury as Merchant: The Advertisement of Novels in Eighteenth-Century Provincial English Newspapers /</subfield>
						<subfield code="r">Siv Gøril Brandtzæg --</subfield>
						<subfield code="t">Control /</subfield>
						<subfield code="r">Siv Gøril Brandtzæg , Paul Goring and Christine Watson --</subfield>
						<subfield code="t">Establishing a State-Controlled Network for News Trading in the Swedish Baltic Provinces in the Late Seventeenth Century: Causes and Consequences /</subfield>
						<subfield code="r">Kaarel Vanamölder --</subfield>
						<subfield code="t">News versus Opinion: The State, the Press, and the Northern Enlightenment /</subfield>
						<subfield code="r">Ellen Krefting --</subfield>
						<subfield code="t">Endpiece /</subfield>
						<subfield code="r">Siv Gøril Brandtzæg , Paul Goring and Christine Watson --</subfield>
						<subfield code="t">Was there an Enlightenment Culture of News? /</subfield>
						<subfield code="r">Andrew Pettegree.</subfield>
					</datafield>
					<datafield ind1=" " ind2=" " tag="520">
						<subfield code="a">Travelling Chronicles presents fourteen episodes in the history of news, written by some of the leading scholars in the rapidly developing fields of news and newspaper studies. Ranging across eastern and western Europe and beyond, the chapters look back to the early modern period and into the eighteenth century to consider how the news of the past was gathered and spread, how news outlets gained respect and influence, how news functioned as a business, and also how the historiography of news can be conducted with the resources available to scholars today. Travelling Chronicles offers a timely analysis of early news, at a moment when historical newspaper archives are being widely digitalised and as the truth value of news in our own time undergoes intense scrutiny.</subfield>
					</datafield>
					<datafield ind1=" " ind2=" " tag="546">
						<subfield code="a">English</subfield>
					</datafield>
					<datafield ind1=" " ind2="0" tag="650">
						<subfield code="a">European newspapers</subfield>
						<subfield code="x">History.</subfield>
					</datafield>
					<datafield ind1=" " ind2="0" tag="650">
						<subfield code="a">Journalism</subfield>
						<subfield code="z">Europe</subfield>
						<subfield code="x">History</subfield>
						<subfield code="y">17th century.</subfield>
					</datafield>
					<datafield ind1=" " ind2="0" tag="650">
						<subfield code="a">Journalism</subfield>
						<subfield code="z">Europe</subfield>
						<subfield code="x">History</subfield>
						<subfield code="y">18th century.</subfield>
					</datafield>
					<datafield ind1=" " ind2="0" tag="650">
						<subfield code="a">Newspaper publishing</subfield>
						<subfield code="z">Europe</subfield>
						<subfield code="x">History</subfield>
						<subfield code="y">17th century.</subfield>
					</datafield>
					<datafield ind1=" " ind2="0" tag="650">
						<subfield code="a">Newspaper publishing</subfield>
						<subfield code="z">Europe</subfield>
						<subfield code="x">History</subfield>
						<subfield code="y">18th century.</subfield>
					</datafield>
					<datafield ind1=" " ind2="0" tag="650">
						<subfield code="a">Journalism</subfield>
						<subfield code="x">History.</subfield>
					</datafield>
					<datafield ind1=" " ind2="0" tag="650">
						<subfield code="a">Newspapers</subfield>
						<subfield code="x">History.</subfield>
					</datafield>
					<datafield ind1=" " ind2="0" tag="650">
						<subfield code="a">Press</subfield>
						<subfield code="x">History.</subfield>
					</datafield>
					<datafield ind1=" " ind2=" " tag="653">
						<subfield code="a">Russia</subfield>
					</datafield>
					<datafield ind1=" " ind2=" " tag="653">
						<subfield code="a">networks</subfield>
					</datafield>
					<datafield ind1=" " ind2=" " tag="653">
						<subfield code="a">transmission</subfield>
					</datafield>
					<datafield ind1=" " ind2=" " tag="653">
						<subfield code="a">media</subfield>
					</datafield>
					<datafield ind1=" " ind2=" " tag="653">
						<subfield code="a">knowledge</subfield>
					</datafield>
					<datafield ind1=" " ind2=" " tag="653">
						<subfield code="a">advertising</subfield>
					</datafield>
					<datafield ind1=" " ind2=" " tag="653">
						<subfield code="a">mediation</subfield>
					</datafield>
					<datafield ind1=" " ind2=" " tag="653">
						<subfield code="a">Europe</subfield>
					</datafield>
					<datafield ind1=" " ind2=" " tag="653">
						<subfield code="a">digital</subfield>
					</datafield>
					<datafield ind1=" " ind2=" " tag="653">
						<subfield code="a">manuscript</subfield>
					</datafield>
					<datafield ind1=" " ind2=" " tag="653">
						<subfield code="a">archive</subfield>
					</datafield>
					<datafield ind1=" " ind2=" " tag="653">
						<subfield code="a">America</subfield>
					</datafield>
					<datafield ind1=" " ind2=" " tag="653">
						<subfield code="a">London</subfield>
					</datafield>
					<datafield ind1=" " ind2=" " tag="653">
						<subfield code="a">Moscow</subfield>
					</datafield>
					<datafield ind1=" " ind2=" " tag="653">
						<subfield code="a">Riga</subfield>
					</datafield>
					<datafield ind1=" " ind2=" " tag="653">
						<subfield code="a">Sweden</subfield>
					</datafield>
					<datafield ind1="1" ind2=" " tag="700">
						<subfield code="a">Brandtzæg, Siv Gøril,</subfield>
						<subfield code="e">editor,</subfield>
						<subfield code="e">author.</subfield>
					</datafield>
					<datafield ind1="1" ind2=" " tag="700">
						<subfield code="a">Goring, Paul,</subfield>
						<subfield code="d">1970-</subfield>
						<subfield code="e">editor,</subfield>
						<subfield code="e">author.</subfield>
					</datafield>
					<datafield ind1="1" ind2=" " tag="700">
						<subfield code="a">Watson, Christine</subfield>
						<subfield code="c">(Slavic literature scholar),</subfield>
						<subfield code="e">editor,</subfield>
						<subfield code="e">author.</subfield>
					</datafield>
					<datafield ind1="0" ind2="8" tag="776">
						<subfield code="i">Print version:</subfield>
						<subfield code="z">90-04-34040-8</subfield>
						<subfield code="z">9789004340404</subfield>
						<subfield code="w">(DLC)  2018001107</subfield>
					</datafield>
					<datafield ind1=" " ind2="0" tag="830">
						<subfield code="a">Library of the Written Word</subfield>
						<subfield code="v">66.</subfield>
					</datafield>
					<datafield ind1=" " ind2=" " tag="906">
						<subfield code="a">BOOK</subfield>
					</datafield>
					<datafield ind1=" " ind2=" " tag="AVE">
						<subfield code="8">5388178560005506</subfield>
						<subfield code="c">6188000480005506</subfield>
						<subfield code="e">Available</subfield>
						<subfield code="m">KU Open Research Library</subfield>
						<subfield code="t">Knowledge Unlatched</subfield>
						<subfield code="a">41SLSP_HSG</subfield>
						<subfield code="0">9911332036205506</subfield>
					</datafield>
				</record>
			</recordData>
			<recordIdentifier>9911332036205506</recordIdentifier>
			<recordPosition>114</recordPosition>
		</record>