
		<record>
			<recordSchema>marcxml</recordSchema>
			<recordPacking>xml</recordPacking>
			<recordData>
				<record xmlns="http://www.loc.gov/MARC21/slim">
					<leader>04089nam a2200637 i 4500</leader>
					<controlfield tag="001">9911110107205506</controlfield>
					<controlfield tag="005">20191118111955.0</controlfield>
					<controlfield tag="006">m     o  d</controlfield>
					<controlfield tag="007">cr cnu||||||||</controlfield>
					<controlfield tag="008">191118s2019    enka    ob    001 0 eng d</controlfield>
					<datafield ind1=" " ind2=" " tag="020">
						<subfield code="a">1-78831-730-0</subfield>
					</datafield>
					<datafield ind1=" " ind2=" " tag="020">
						<subfield code="a">1-78673-609-8</subfield>
					</datafield>
					<datafield ind1=" " ind2=" " tag="020">
						<subfield code="a">1-78672-603-3</subfield>
					</datafield>
					<datafield ind1="7" ind2=" " tag="024">
						<subfield code="a">10.5040/9781788317306</subfield>
						<subfield code="2">doi</subfield>
					</datafield>
					<datafield ind1=" " ind2=" " tag="035">
						<subfield code="a">(CKB)4100000009182510</subfield>
					</datafield>
					<datafield ind1=" " ind2=" " tag="035">
						<subfield code="a">(MiAaPQ)EBC5887710</subfield>
					</datafield>
					<datafield ind1=" " ind2=" " tag="035">
						<subfield code="a">(OCoLC)1117643601</subfield>
					</datafield>
					<datafield ind1=" " ind2=" " tag="035">
						<subfield code="a">(CaBNVSL)9781788317306</subfield>
					</datafield>
					<datafield ind1=" " ind2=" " tag="035">
						<subfield code="a">(MiAaPQ)EBC6165288</subfield>
					</datafield>
					<datafield ind1=" " ind2=" " tag="035">
						<subfield code="a">(EXLCZ)994100000009182510</subfield>
					</datafield>
					<datafield ind1=" " ind2=" " tag="040">
						<subfield code="a">BDP</subfield>
						<subfield code="b">eng</subfield>
						<subfield code="e">rda</subfield>
						<subfield code="c">CaBNVSL</subfield>
						<subfield code="d">CaBNVSL</subfield>
					</datafield>
					<datafield ind1=" " ind2=" " tag="043">
						<subfield code="a">a-tu---</subfield>
						<subfield code="a">n-us---</subfield>
						<subfield code="a">e-uk---</subfield>
					</datafield>
					<datafield ind1=" " ind2="4" tag="050">
						<subfield code="a">DR479.U5</subfield>
						<subfield code="b">B49 2020eb</subfield>
					</datafield>
					<datafield ind1=" " ind2="4" tag="055">
						<subfield code="a">JQ1805 A55 I6</subfield>
					</datafield>
					<datafield ind1="0" ind2="4" tag="082">
						<subfield code="a">327.561009045</subfield>
						<subfield code="2">23</subfield>
					</datafield>
					<datafield ind1="0" ind2="4" tag="082">
						<subfield code="a">327.561073</subfield>
						<subfield code="2">23</subfield>
					</datafield>
					<datafield ind1="1" ind2=" " tag="100">
						<subfield code="a">Bezci, Egemen,</subfield>
						<subfield code="e">author.</subfield>
					</datafield>
					<datafield ind1="1" ind2="0" tag="245">
						<subfield code="a">Turkish intelligence and the Cold War :</subfield>
						<subfield code="b">the Turkish secret service, the US and the UK /</subfield>
						<subfield code="c">Egemen Bezci.</subfield>
					</datafield>
					<datafield ind1=" " ind2=" " tag="250">
						<subfield code="a">First edition.</subfield>
					</datafield>
					<datafield ind1=" " ind2="1" tag="264">
						<subfield code="a">London, England :</subfield>
						<subfield code="b">I.B. Tauris,</subfield>
						<subfield code="c">2019.</subfield>
					</datafield>
					<datafield ind1=" " ind2="2" tag="264">
						<subfield code="a">[London, England] :</subfield>
						<subfield code="b">Bloomsbury Publishing,</subfield>
						<subfield code="c">2019.</subfield>
					</datafield>
					<datafield ind1=" " ind2=" " tag="300">
						<subfield code="a">1 online resource (305 pages)</subfield>
					</datafield>
					<datafield ind1=" " ind2=" " tag="336">
						<subfield code="a">text</subfield>
						<subfield code="b">txt</subfield>
						<subfield code="2">rdacontent</subfield>
					</datafield>
					<datafield ind1=" " ind2=" " tag="337">
						<subfield code="a">computer</subfield>
						<subfield code="b">c</subfield>
						<subfield code="2">rdamedia</subfield>
					</datafield>
					<datafield ind1=" " ind2=" " tag="338">
						<subfield code="a">online resource</subfield>
						<subfield code="b">cr</subfield>
						<subfield code="2">rdacarrier</subfield>
					</datafield>
					<datafield ind1=" " ind2=" " tag="530">
						<subfield code="a">Also available in print.</subfield>
					</datafield>
					<datafield ind1=" " ind2=" " tag="504">
						<subfield code="a">Includes bibliographical references and index.</subfield>
					</datafield>
					<datafield ind1="0" ind2=" " tag="505">
						<subfield code="a">Introduction - Dark Origins of the Turkish-British-American Alliance -- 1. Machinery in Comparison -- 2. Historical Background, 1923-1945 -- 3. (Dis)Trusting your Allies: NATO and CENTO -- 4. Spies, Atoms and Signals -- 5. Counter-Subversion: Our Common 'Enemies' -- 6. Covert Action: The Turks' Hidden Hand in Syria -- 7. Conclusion: Keeping up with the Alliance -- 8. Bibliography -- Index.</subfield>
					</datafield>
					<datafield ind1=" " ind2=" " tag="520">
						<subfield code="a">"Turkish Intelligence and the Cold War examines the hitherto unexplored history of secret intelligence cooperation between three asymmetric partners --  specifically the UK, US and Turkey -- from the end of the Second World War until the Turkey's first military coup d'état on 27 May 1960. The book shows that our understanding of the Cold War as a binary rivalry between the two blocs is too simple an approach and obscures important characteristics of intelligence cooperation among allies. Egemen Bezci shows that a pragmatic approach offers states new opportunities to protect national interests, by conducting ''intelligence diplomacy' to influence crucial areas such as nuclear weapons and to exploit cooperation in support of their own strategic imperatives. This study not only reveals previously-unexplored origins of secret intelligence cooperation between Turkey and West, but also contributes to wider academic debates on the nature of the Cold War by highlighting the potential agency of weaker states in the Western Alliance."--Bloomsbury Publishing.</subfield>
					</datafield>
					<datafield ind1=" " ind2="0" tag="650">
						<subfield code="a">Cold War.</subfield>
					</datafield>
					<datafield ind1=" " ind2="0" tag="650">
						<subfield code="a">Secret service</subfield>
						<subfield code="z">Turkey.</subfield>
					</datafield>
					<datafield ind1=" " ind2="7" tag="650">
						<subfield code="2">Middle Eastern history</subfield>
					</datafield>
					<datafield ind1=" " ind2="0" tag="651">
						<subfield code="a">Great Britain</subfield>
						<subfield code="x">Foreign relations</subfield>
						<subfield code="z">Turkey.</subfield>
					</datafield>
					<datafield ind1=" " ind2="0" tag="651">
						<subfield code="a">Turkey</subfield>
						<subfield code="x">Foreign relations</subfield>
						<subfield code="z">Great Britain.</subfield>
					</datafield>
					<datafield ind1=" " ind2="0" tag="651">
						<subfield code="a">Turkey</subfield>
						<subfield code="x">Foreign relations</subfield>
						<subfield code="z">United States.</subfield>
					</datafield>
					<datafield ind1=" " ind2="0" tag="651">
						<subfield code="a">Turkey</subfield>
						<subfield code="x">Politics and government</subfield>
						<subfield code="y">1960-1980.</subfield>
					</datafield>
					<datafield ind1=" " ind2="0" tag="651">
						<subfield code="a">Turkey</subfield>
						<subfield code="x">Politics and government</subfield>
						<subfield code="y">1980-</subfield>
					</datafield>
					<datafield ind1=" " ind2="0" tag="651">
						<subfield code="a">United States</subfield>
						<subfield code="x">Foreign relations</subfield>
						<subfield code="z">Turkey.</subfield>
					</datafield>
					<datafield ind1="2" ind2="0" tag="610">
						<subfield code="a">Milli İstihbarat Teşkilatı (Turkey)</subfield>
					</datafield>
					<datafield ind1=" " ind2=" " tag="776">
						<subfield code="z">0-7556-3649-X</subfield>
					</datafield>
					<datafield ind1=" " ind2=" " tag="776">
						<subfield code="z">1-78831-325-9</subfield>
					</datafield>
					<datafield ind1=" " ind2=" " tag="906">
						<subfield code="a">BOOK</subfield>
					</datafield>
					<datafield ind1=" " ind2=" " tag="AVE">
						<subfield code="8">5387563690005506</subfield>
						<subfield code="c">6186798510005506</subfield>
						<subfield code="e">Available</subfield>
						<subfield code="m">Bloomsbury Collections: Politics &amp; International Relations 2019</subfield>
						<subfield code="t">Bloomsbury Publishing Plc</subfield>
						<subfield code="a">41SLSP_HSG</subfield>
						<subfield code="0">9911110107205506</subfield>
					</datafield>
				</record>
			</recordData>
			<recordIdentifier>9911110107205506</recordIdentifier>
			<recordPosition>115</recordPosition>
		</record>