
		<record>
			<recordSchema>marcxml</recordSchema>
			<recordPacking>xml</recordPacking>
			<recordData>
				<record xmlns="http://www.loc.gov/MARC21/slim">
					<leader>01776nam  2200421Ki 4500</leader>
					<controlfield tag="001">9911251186305506</controlfield>
					<controlfield tag="005">20210618054807.0</controlfield>
					<controlfield tag="006">m     o  d</controlfield>
					<controlfield tag="007">cr#|n#---|||||</controlfield>
					<controlfield tag="008">210609s2021    mau     ob    001 0 eng d</controlfield>
					<datafield ind1=" " ind2=" " tag="020">
						<subfield code="a">0-262-36608-8</subfield>
					</datafield>
					<datafield ind1=" " ind2=" " tag="020">
						<subfield code="a">0-262-36609-6</subfield>
					</datafield>
					<datafield ind1=" " ind2=" " tag="020">
						<subfield code="a">9780262366083</subfield>
					</datafield>
					<datafield ind1=" " ind2=" " tag="035">
						<subfield code="a">(CKB)4100000012038477</subfield>
					</datafield>
					<datafield ind1=" " ind2=" " tag="035">
						<subfield code="a">(MiAaPQ)EBC6721252</subfield>
					</datafield>
					<datafield ind1=" " ind2=" " tag="035">
						<subfield code="a">(Au-PeEL)EBL6721252</subfield>
					</datafield>
					<datafield ind1=" " ind2=" " tag="035">
						<subfield code="a">(OCoLC)1255633028</subfield>
					</datafield>
					<datafield ind1=" " ind2=" " tag="035">
						<subfield code="a">(OCoLC-P)1255633028</subfield>
					</datafield>
					<datafield ind1=" " ind2=" " tag="035">
						<subfield code="a">(MaCbMITP)13603</subfield>
					</datafield>
					<datafield ind1=" " ind2=" " tag="035">
						<subfield code="a">(EXLCZ)994100000012038477</subfield>
					</datafield>
					<datafield ind1=" " ind2=" " tag="040">
						<subfield code="a">OCoLC-P</subfield>
						<subfield code="b">eng</subfield>
						<subfield code="e">rda</subfield>
						<subfield code="e">pn</subfield>
						<subfield code="c">OCoLC-P</subfield>
					</datafield>
					<datafield ind1=" " ind2=" " tag="043">
						<subfield code="a">a-ir---</subfield>
					</datafield>
					<datafield ind1=" " ind2="4" tag="050">
						<subfield code="a">PN1992.934.I7</subfield>
						<subfield code="b">A88 2021eb</subfield>
					</datafield>
					<datafield ind1="0" ind2="4" tag="082">
						<subfield code="a">384.55/80955</subfield>
						<subfield code="2">23</subfield>
					</datafield>
					<datafield ind1="1" ind2=" " tag="100">
						<subfield code="a">Atwood, Blake Robert,</subfield>
						<subfield code="d">1983-</subfield>
						<subfield code="e">author.</subfield>
					</datafield>
					<datafield ind1="1" ind2="0" tag="245">
						<subfield code="a">Underground :</subfield>
						<subfield code="b">the secret life of videocassettes in Iran /</subfield>
						<subfield code="c">Blake Atwood.</subfield>
					</datafield>
					<datafield ind1=" " ind2="1" tag="264">
						<subfield code="a">Cambridge, Massachusetts :</subfield>
						<subfield code="b">The MIT Press,</subfield>
						<subfield code="c">2021.</subfield>
					</datafield>
					<datafield ind1=" " ind2=" " tag="300">
						<subfield code="a">1 online resource :</subfield>
						<subfield code="b">illustrations</subfield>
					</datafield>
					<datafield ind1=" " ind2=" " tag="336">
						<subfield code="a">text</subfield>
						<subfield code="b">txt</subfield>
						<subfield code="2">rdacontent</subfield>
					</datafield>
					<datafield ind1=" " ind2=" " tag="336">
						<subfield code="a">still image</subfield>
						<subfield code="b">sti</subfield>
						<subfield code="2">rdacontent</subfield>
					</datafield>
					<datafield ind1=" " ind2=" " tag="337">
						<subfield code="a">computer</subfield>
						<subfield code="b">c</subfield>
						<subfield code="2">rdamedia</subfield>
					</datafield>
					<datafield ind1=" " ind2=" " tag="338">
						<subfield code="a">online resource</subfield>
						<subfield code="b">cr</subfield>
						<subfield code="2">rdacarrier</subfield>
					</datafield>
					<datafield ind1="1" ind2=" " tag="490">
						<subfield code="a">Infrastructures</subfield>
					</datafield>
					<datafield ind1=" " ind2=" " tag="504">
						<subfield code="a">Includes bibliographical references and index.</subfield>
					</datafield>
					<datafield ind1=" " ind2=" " tag="588">
						<subfield code="a">OCLC-licensed vendor bibliographic record.</subfield>
					</datafield>
					<datafield ind1=" " ind2=" " tag="520">
						<subfield code="a">"First book length study of home video in Iran during the 1980s and 1990s, and the informal distribution infrastructure that developed in reaction to the ban on all video technology"--</subfield>
						<subfield code="c">Provided by publisher.</subfield>
					</datafield>
					<datafield ind1=" " ind2="0" tag="650">
						<subfield code="a">Videocassettes</subfield>
						<subfield code="z">Iran</subfield>
						<subfield code="x">History</subfield>
						<subfield code="y">20th century.</subfield>
					</datafield>
					<datafield ind1=" " ind2="0" tag="650">
						<subfield code="a">Video recordings</subfield>
						<subfield code="z">Iran</subfield>
						<subfield code="x">History</subfield>
						<subfield code="y">20th century.</subfield>
					</datafield>
					<datafield ind1=" " ind2="0" tag="650">
						<subfield code="a">Mass media and culture</subfield>
						<subfield code="z">Iran</subfield>
						<subfield code="x">History</subfield>
						<subfield code="y">20th century.</subfield>
					</datafield>
					<datafield ind1=" " ind2=" " tag="653">
						<subfield code="a">HISTORY / Middle East / Iran</subfield>
					</datafield>
					<datafield ind1=" " ind2=" " tag="653">
						<subfield code="a">TECHNOLOGY &amp; ENGINEERING / History</subfield>
					</datafield>
					<datafield ind1=" " ind2=" " tag="653">
						<subfield code="a">SOCIAL SCIENCE / Media Studies</subfield>
					</datafield>
					<datafield ind1="0" ind2="8" tag="776">
						<subfield code="i">Print version:</subfield>
						<subfield code="a">Atwood, Blake Robert, 1983-</subfield>
						<subfield code="t">Underground.</subfield>
						<subfield code="d">Cambridge, Massachusetts : The MIT Press, 2021</subfield>
						<subfield code="z">9780262542845</subfield>
						<subfield code="w">(DLC)  2020044347</subfield>
						<subfield code="w">(OCoLC)1226076451</subfield>
					</datafield>
					<datafield ind1=" " ind2="0" tag="830">
						<subfield code="a">Infrastructures Ser.</subfield>
					</datafield>
					<datafield ind1=" " ind2=" " tag="906">
						<subfield code="a">BOOK</subfield>
					</datafield>
					<datafield ind1=" " ind2=" " tag="AVE">
						<subfield code="8">5379799320005506</subfield>
						<subfield code="c">6179749980005506</subfield>
						<subfield code="e">Available</subfield>
						<subfield code="m">MIT Press Direct 2021 Collection</subfield>
						<subfield code="t">Mit_Press</subfield>
						<subfield code="a">41SLSP_HSG</subfield>
						<subfield code="0">9911251186305506</subfield>
					</datafield>
				</record>
			</recordData>
			<recordIdentifier>9911251186305506</recordIdentifier>
			<recordPosition>116</recordPosition>
		</record>