
		<record>
			<recordSchema>marcxml</recordSchema>
			<recordPacking>xml</recordPacking>
			<recordData>
				<record xmlns="http://www.loc.gov/MARC21/slim">
					<leader>02008nam a2200505 c 4500</leader>
					<controlfield tag="001">9911280778405506</controlfield>
					<controlfield tag="005">20230314192109.0</controlfield>
					<controlfield tag="008">190505s20212021sz ||||| |||| 00||||ger d</controlfield>
					<datafield ind1=" " ind2=" " tag="015">
						<subfield code="a">19,N19</subfield>
						<subfield code="2">dnb</subfield>
					</datafield>
					<datafield ind1="7" ind2=" " tag="016">
						<subfield code="2">DE-101</subfield>
						<subfield code="a">1185348190</subfield>
					</datafield>
					<datafield ind1=" " ind2=" " tag="020">
						<subfield code="a">9783035802184</subfield>
						<subfield code="q">: EUR 16.00 (DE), EUR 16.50 (AT), CHF 20.00 (freier Preis)</subfield>
					</datafield>
					<datafield ind1=" " ind2=" " tag="020">
						<subfield code="a">3035802181</subfield>
					</datafield>
					<datafield ind1=" " ind2=" " tag="035">
						<subfield code="a">(EXLNZ-41SLSP_NETWORK)991170737955205501</subfield>
					</datafield>
					<datafield ind1=" " ind2=" " tag="040">
						<subfield code="a">DE-101</subfield>
						<subfield code="b">ger</subfield>
						<subfield code="c">DE-101</subfield>
						<subfield code="e">rda</subfield>
						<subfield code="d">CH-ZuSLS UZB ZB</subfield>
						<subfield code="d">CH-ZuSLS HSG</subfield>
					</datafield>
					<datafield ind1="1" ind2=" " tag="041">
						<subfield code="a">ger</subfield>
						<subfield code="h">fre</subfield>
					</datafield>
					<datafield ind1=" " ind2=" " tag="044">
						<subfield code="c">XA-DE</subfield>
					</datafield>
					<datafield ind1=" " ind2="7" tag="072">
						<subfield code="a">100</subfield>
						<subfield code="2">IDS LU</subfield>
					</datafield>
					<datafield ind1="7" ind2="4" tag="082">
						<subfield code="a">100</subfield>
						<subfield code="q">DE-101</subfield>
						<subfield code="2">23sdnb</subfield>
					</datafield>
					<datafield ind1="7" ind2="4" tag="082">
						<subfield code="a">100</subfield>
						<subfield code="2">23sdnb</subfield>
					</datafield>
					<datafield ind1="7" ind2="4" tag="082">
						<subfield code="a">150</subfield>
						<subfield code="2">23sdnb</subfield>
					</datafield>
					<datafield ind1=" " ind2=" " tag="084">
						<subfield code="a">CK 2667</subfield>
						<subfield code="2">rvk</subfield>
					</datafield>
					<datafield ind1="1" ind2=" " tag="100">
						<subfield code="6">880-01</subfield>
						<subfield code="a">Dufourmantelle, Anne</subfield>
						<subfield code="d">1964-2017</subfield>
						<subfield code="4">aut</subfield>
						<subfield code="0">(DE-588)1012243982</subfield>
						<subfield code="e">Verfasser</subfield>
					</datafield>
					<datafield ind1="1" ind2=" " tag="880">
						<subfield code="6">100-01/(B</subfield>
						<subfield code="a">Dufourmantelle, Anne</subfield>
						<subfield code="d">1964-2017</subfield>
						<subfield code="0">(IDREF)057563411</subfield>
						<subfield code="4">aut</subfield>
					</datafield>
					<datafield ind1="1" ind2="0" tag="240">
						<subfield code="a">Défense du secret</subfield>
					</datafield>
					<datafield ind1="1" ind2="0" tag="245">
						<subfield code="a">Verteidigung des Geheimnisses</subfield>
						<subfield code="c">Anne Dufourmantelle ; aus dem Französischen von Luzia Gast</subfield>
					</datafield>
					<datafield ind1=" " ind2="1" tag="264">
						<subfield code="a">Zürich</subfield>
						<subfield code="b">Diaphanes</subfield>
						<subfield code="c">[2021]</subfield>
					</datafield>
					<datafield ind1=" " ind2=" " tag="300">
						<subfield code="a">167 Seiten</subfield>
						<subfield code="c">19 cm x 12 cm, 186 g</subfield>
					</datafield>
					<datafield ind1=" " ind2=" " tag="336">
						<subfield code="b">txt</subfield>
						<subfield code="2">rdacontent</subfield>
					</datafield>
					<datafield ind1=" " ind2=" " tag="337">
						<subfield code="b">n</subfield>
						<subfield code="2">rdamedia</subfield>
					</datafield>
					<datafield ind1=" " ind2=" " tag="338">
						<subfield code="b">nc</subfield>
						<subfield code="2">rdacarrier</subfield>
					</datafield>
					<datafield ind1=" " ind2="7" tag="650">
						<subfield code="a">Secret</subfield>
						<subfield code="0">(IDREF)027599914</subfield>
						<subfield code="2">idref</subfield>
					</datafield>
					<datafield ind1=" " ind2="7" tag="650">
						<subfield code="a">Intimité (psychologie)</subfield>
						<subfield code="0">(IDREF)027876721</subfield>
						<subfield code="2">idref</subfield>
					</datafield>
					<datafield ind1=" " ind2="7" tag="650">
						<subfield code="a">Philosophie</subfield>
						<subfield code="0">(IDREF)027295206</subfield>
						<subfield code="2">idref</subfield>
					</datafield>
					<datafield ind1=" " ind2="7" tag="650">
						<subfield code="a">Morale sociale</subfield>
						<subfield code="0">(IDREF)027276023</subfield>
						<subfield code="2">idref</subfield>
					</datafield>
					<datafield ind1=" " ind2="7" tag="648">
						<subfield code="a">Ideengeschichte</subfield>
						<subfield code="2">gnd</subfield>
					</datafield>
					<datafield ind1=" " ind2="7" tag="650">
						<subfield code="a">Geheimnis</subfield>
						<subfield code="2">gnd</subfield>
						<subfield code="0">(DE-588)4156316-5</subfield>
					</datafield>
					<datafield ind1=" " ind2="7" tag="650">
						<subfield code="a">Philosophie</subfield>
						<subfield code="2">gnd</subfield>
						<subfield code="0">(DE-588)4045791-6</subfield>
					</datafield>
					<datafield ind1=" " ind2="7" tag="650">
						<subfield code="a">Psychoanalyse</subfield>
						<subfield code="2">gnd</subfield>
						<subfield code="0">(DE-588)4047689-3</subfield>
					</datafield>
					<datafield ind1=" " ind2="7" tag="650">
						<subfield code="a">Kultur</subfield>
						<subfield code="2">gnd</subfield>
						<subfield code="0">(DE-588)4125698-0</subfield>
					</datafield>
					<datafield ind1="1" ind2=" " tag="700">
						<subfield code="6">880-02</subfield>
						<subfield code="a">Gast, Luzia</subfield>
						<subfield code="d">ca. 20. Jh.</subfield>
						<subfield code="4">trl</subfield>
						<subfield code="0">(DE-588)1243620927</subfield>
					</datafield>
					<datafield ind1="1" ind2=" " tag="880">
						<subfield code="6">700-02/(B</subfield>
						<subfield code="a">Gast, Luzia</subfield>
						<subfield code="d">19..-....</subfield>
						<subfield code="0">(IDREF)260370169</subfield>
						<subfield code="4">trl</subfield>
					</datafield>
					<datafield ind1="4" ind2="2" tag="856">
						<subfield code="3">Inhaltsverzeichnis</subfield>
						<subfield code="q">PDF</subfield>
						<subfield code="u">https://urn.ub.unibe.ch/urn:ch:slsp:3035802181:ihv:pdf</subfield>
					</datafield>
					<datafield ind1=" " ind2=" " tag="900">
						<subfield code="a">OK_GND</subfield>
						<subfield code="x">UZB/Z01/202109/somm</subfield>
					</datafield>
					<datafield ind1=" " ind2=" " tag="900">
						<subfield code="a">Stoppsignal FRED</subfield>
						<subfield code="x">UZB/Z01/202109</subfield>
					</datafield>
					<datafield ind1=" " ind2=" " tag="903">
						<subfield code="a">RERO-SIGN</subfield>
						<subfield code="5">BCUFR/20220216/hde</subfield>
					</datafield>
					<datafield ind1=" " ind2=" " tag="949">
						<subfield code="a">https://urn.ub.unibe.ch/urn:ch:slsp:3035802181:ihv:pdf</subfield>
					</datafield>
					<datafield ind1=" " ind2=" " tag="AVA">
						<subfield code="0">9911280778405506</subfield>
						<subfield code="8">2282777420005506</subfield>
						<subfield code="a">41SLSP_HSG</subfield>
						<subfield code="b">HSG</subfield>
						<subfield code="c">Basement</subfield>
						<subfield code="d">CK 2667 V567</subfield>
						<subfield code="e">available</subfield>
						<subfield code="f">1</subfield>
						<subfield code="g">0</subfield>
						<subfield code="j">UG</subfield>
						<subfield code="k">4</subfield>
						<subfield code="p">1</subfield>
						<subfield code="q">HSG</subfield>
					</datafield>
				</record>
			</recordData>
			<recordIdentifier>9911280778405506</recordIdentifier>
			<recordPosition>118</recordPosition>
		</record>