
		<record>
			<recordSchema>marcxml</recordSchema>
			<recordPacking>xml</recordPacking>
			<recordData>
				<record xmlns="http://www.loc.gov/MARC21/slim">
					<leader>03853nam  2200469 i 4500</leader>
					<controlfield tag="001">9911015665705506</controlfield>
					<controlfield tag="005">20230126222657.0</controlfield>
					<controlfield tag="006">m     o  d |</controlfield>
					<controlfield tag="007">cr cnu||||||||</controlfield>
					<controlfield tag="008">180605s2018    cau     ob    001 0 eng d</controlfield>
					<datafield ind1=" " ind2=" " tag="020">
						<subfield code="a">1-5036-0533-7</subfield>
					</datafield>
					<datafield ind1="7" ind2=" " tag="024">
						<subfield code="a">10.1515/9781503605336</subfield>
						<subfield code="2">doi</subfield>
					</datafield>
					<datafield ind1=" " ind2=" " tag="035">
						<subfield code="a">(CKB)4340000000258158</subfield>
					</datafield>
					<datafield ind1=" " ind2=" " tag="035">
						<subfield code="a">(MiAaPQ)EBC5317444</subfield>
					</datafield>
					<datafield ind1=" " ind2=" " tag="035">
						<subfield code="a">(DE-B1597)564302</subfield>
					</datafield>
					<datafield ind1=" " ind2=" " tag="035">
						<subfield code="a">(DE-B1597)9781503605336</subfield>
					</datafield>
					<datafield ind1=" " ind2=" " tag="035">
						<subfield code="a">(OCoLC)1198930263</subfield>
					</datafield>
					<datafield ind1=" " ind2=" " tag="035">
						<subfield code="a">(EXLCZ)994340000000258158</subfield>
					</datafield>
					<datafield ind1=" " ind2=" " tag="040">
						<subfield code="a">MiAaPQ</subfield>
						<subfield code="b">eng</subfield>
						<subfield code="e">rda</subfield>
						<subfield code="e">pn</subfield>
						<subfield code="c">MiAaPQ</subfield>
						<subfield code="d">MiAaPQ</subfield>
					</datafield>
					<datafield ind1=" " ind2=" " tag="043">
						<subfield code="a">a-cc-sz</subfield>
					</datafield>
					<datafield ind1=" " ind2=" " tag="044">
						<subfield code="a">cau</subfield>
						<subfield code="c">US-CA</subfield>
					</datafield>
					<datafield ind1=" " ind2="4" tag="050">
						<subfield code="a">HS310.Z7</subfield>
						<subfield code="b">.W364 2018</subfield>
					</datafield>
					<datafield ind1=" " ind2="7" tag="072">
						<subfield code="a">HIS008000</subfield>
						<subfield code="2">bisacsh</subfield>
					</datafield>
					<datafield ind1="0" ind2=" " tag="082">
						<subfield code="a">369.0951/38</subfield>
						<subfield code="2">23</subfield>
					</datafield>
					<datafield ind1="1" ind2=" " tag="100">
						<subfield code="a">Wang, Di,</subfield>
						<subfield code="d">1956-</subfield>
						<subfield code="e">author.</subfield>
					</datafield>
					<datafield ind1="1" ind2="0" tag="245">
						<subfield code="a">Violence and order on the Chengdu Plain :</subfield>
						<subfield code="b">the story of a secret brotherhood in rural China, 1939-1949 /</subfield>
						<subfield code="c">Di Wang.</subfield>
					</datafield>
					<datafield ind1=" " ind2="1" tag="264">
						<subfield code="a">Stanford, California :</subfield>
						<subfield code="b">Stanford University Press,</subfield>
						<subfield code="c">[2018]</subfield>
					</datafield>
					<datafield ind1=" " ind2=" " tag="300">
						<subfield code="a">1 online resource (xiv, 260 pages)</subfield>
					</datafield>
					<datafield ind1=" " ind2=" " tag="336">
						<subfield code="a">text</subfield>
						<subfield code="b">txt</subfield>
						<subfield code="2">rdacontent</subfield>
					</datafield>
					<datafield ind1=" " ind2=" " tag="337">
						<subfield code="a">computer</subfield>
						<subfield code="b">c</subfield>
						<subfield code="2">rdamedia</subfield>
					</datafield>
					<datafield ind1=" " ind2=" " tag="338">
						<subfield code="a">online resource</subfield>
						<subfield code="b">cr</subfield>
						<subfield code="2">rdacarrier</subfield>
					</datafield>
					<datafield ind1=" " ind2=" " tag="504">
						<subfield code="a">Includes bibliographical references and index.</subfield>
					</datafield>
					<datafield ind1=" " ind2=" " tag="588">
						<subfield code="a">Description based on print version record.</subfield>
					</datafield>
					<datafield ind1=" " ind2=" " tag="520">
						<subfield code="a">In 1939, residents of a rural village near Chengdu watched as Lei Mingyuan, a member of a violent secret society known as the Gowned Brothers, executed his teenage daughter. Six years later, Shen Baoyuan, a sociology student at Yenching University, arrived in the town to conduct fieldwork on the society that once held sway over local matters. She got to know Lei Mingyuan and his family, recording many rare insights about the murder and the Gowned Brothers' inner workings. Using the filicide as a starting point to examine the history, culture, and organization of the Gowned Brothers, Di Wang offers nuanced insights into the structures of local power in 1940s rural Sichuan. Moreover, he examines the influence of Western sociology and anthropology on the way intellectuals in the Republic of China perceived rural communities. By studying the complex relationship between the Gowned Brothers and the Chinese Communist Party, he offers a unique perspective on China's transition to socialism. In so doing, Wang persuasively connects a family in a rural community, with little overt influence on national destiny, to the movements and ideologies that helped shape contemporary China.</subfield>
					</datafield>
					<datafield ind1="0" ind2="0" tag="505">
						<subfield code="t">Frontmatter --</subfield>
						<subfield code="t">Contents --</subfield>
						<subfield code="t">Maps and Figures --</subfield>
						<subfield code="t">Preface and Acknowledgments --</subfield>
						<subfield code="t">Introduction. Two Voices Joined in the Chengdu Plain --</subfield>
						<subfield code="t">Chapter 1. A Public Execution --</subfield>
						<subfield code="t">Chapter 2. A Local Band of the Gowned Brothers --</subfield>
						<subfield code="t">Chapter 3. Spirituality and Customs --</subfield>
						<subfield code="t">Chapter 4. Secret Codes and Language --</subfield>
						<subfield code="t">Chapter 5. Disciplines and Dominance --</subfield>
						<subfield code="t">Chapter 6. A Tenant Farmer and Paoge Master --</subfield>
						<subfield code="t">Chapter 7. Entering the Paoge --</subfield>
						<subfield code="t">Chapter 8. The Decline of Power --</subfield>
						<subfield code="t">Chapter 9. A Family Crisis and a Rural Woman’s Fate --</subfield>
						<subfield code="t">Chapter 10. Fall of the Paoge --</subfield>
						<subfield code="t">Chapter 11. Looking for the Storyteller --</subfield>
						<subfield code="t">Chapter 12. Untangling Paoge Myth --</subfield>
						<subfield code="t">Appendix 1: Paoge Ranks --</subfield>
						<subfield code="t">Appendix 2: Lei Family Tree (1945) --</subfield>
						<subfield code="t">Appendix 3: Selected Ritual/Festival Events --</subfield>
						<subfield code="t">Appendix 4: Chinese Texts of Sayings and Poems --</subfield>
						<subfield code="t">Appendix 5: Brief Comments on Texts, Myth, and History --</subfield>
						<subfield code="t">Character List --</subfield>
						<subfield code="t">Notes --</subfield>
						<subfield code="t">Works Cited --</subfield>
						<subfield code="t">Index</subfield>
					</datafield>
					<datafield ind1="2" ind2="0" tag="610">
						<subfield code="a">Ge lao hui</subfield>
						<subfield code="x">History</subfield>
						<subfield code="y">20th century.</subfield>
					</datafield>
					<datafield ind1=" " ind2="0" tag="650">
						<subfield code="a">Brotherhoods</subfield>
						<subfield code="z">China</subfield>
						<subfield code="z">Sichuan Sheng</subfield>
						<subfield code="x">History</subfield>
						<subfield code="y">20th century.</subfield>
					</datafield>
					<datafield ind1=" " ind2="0" tag="650">
						<subfield code="a">Filicide</subfield>
						<subfield code="z">China</subfield>
						<subfield code="z">Sichuan Sheng</subfield>
						<subfield code="x">History</subfield>
						<subfield code="y">20th century.</subfield>
					</datafield>
					<datafield ind1=" " ind2="0" tag="650">
						<subfield code="a">Power (Social sciences)</subfield>
						<subfield code="z">China</subfield>
						<subfield code="z">Sichuan Sheng</subfield>
						<subfield code="x">History</subfield>
						<subfield code="y">20th century.</subfield>
					</datafield>
					<datafield ind1=" " ind2="0" tag="650">
						<subfield code="a">Secret societies</subfield>
						<subfield code="z">China</subfield>
						<subfield code="z">Sichuan Sheng</subfield>
						<subfield code="x">History</subfield>
						<subfield code="y">20th century.</subfield>
					</datafield>
					<datafield ind1=" " ind2="0" tag="651">
						<subfield code="a">Sichuan Sheng (China)</subfield>
						<subfield code="x">Rural conditions</subfield>
						<subfield code="y">20th century.</subfield>
					</datafield>
					<datafield ind1=" " ind2=" " tag="776">
						<subfield code="z">1-5036-0530-2</subfield>
					</datafield>
					<datafield ind1=" " ind2=" " tag="906">
						<subfield code="a">BOOK</subfield>
					</datafield>
					<datafield ind1=" " ind2=" " tag="AVE">
						<subfield code="8">5364729170005506</subfield>
						<subfield code="c">6164319640005506</subfield>
						<subfield code="e">Available</subfield>
						<subfield code="m">Ebook Central Perpetual, DDA and Subscription Titles</subfield>
						<subfield code="t">Ebook Central</subfield>
						<subfield code="a">41SLSP_HSG</subfield>
						<subfield code="0">9911015665705506</subfield>
					</datafield>
				</record>
			</recordData>
			<recordIdentifier>9911015665705506</recordIdentifier>
			<recordPosition>120</recordPosition>
		</record>