
		<record>
			<recordSchema>marcxml</recordSchema>
			<recordPacking>xml</recordPacking>
			<recordData>
				<record xmlns="http://www.loc.gov/MARC21/slim">
					<leader>02470nam a2200589 c 4500</leader>
					<controlfield tag="001">9911317372005506</controlfield>
					<controlfield tag="005">20230329104755.0</controlfield>
					<controlfield tag="008">210611s2022    xxu      b    001 0 eng^^</controlfield>
					<datafield ind1=" " ind2=" " tag="010">
						<subfield code="a">2021026174</subfield>
					</datafield>
					<datafield ind1=" " ind2=" " tag="020">
						<subfield code="a">9781503615090</subfield>
						<subfield code="q">Festeinband</subfield>
					</datafield>
					<datafield ind1=" " ind2=" " tag="020">
						<subfield code="a">150361509X</subfield>
						<subfield code="q">Festeinband</subfield>
					</datafield>
					<datafield ind1=" " ind2=" " tag="035">
						<subfield code="a">(OCoLC)1236849842</subfield>
					</datafield>
					<datafield ind1=" " ind2=" " tag="035">
						<subfield code="a">(EXLNZ-41SLSP_NETWORK)991170738409005501</subfield>
					</datafield>
					<datafield ind1=" " ind2=" " tag="040">
						<subfield code="a">CSt/DLC</subfield>
						<subfield code="b">ger</subfield>
						<subfield code="c">DLC</subfield>
						<subfield code="e">rda</subfield>
						<subfield code="d">CH-ZuSLS UZB ZB</subfield>
					</datafield>
					<datafield ind1="1" ind2=" " tag="041">
						<subfield code="a">eng</subfield>
						<subfield code="h">chi</subfield>
					</datafield>
					<datafield ind1=" " ind2=" " tag="042">
						<subfield code="a">pcc</subfield>
					</datafield>
					<datafield ind1=" " ind2=" " tag="043">
						<subfield code="a">a-cc-ti</subfield>
						<subfield code="a">a-cc---</subfield>
					</datafield>
					<datafield ind1="0" ind2="0" tag="050">
						<subfield code="a">DS786</subfield>
						<subfield code="b">.L4619313 2022</subfield>
					</datafield>
					<datafield ind1="0" ind2="0" tag="082">
						<subfield code="a">951/.505</subfield>
						<subfield code="2">23</subfield>
					</datafield>
					<datafield ind1="7" ind2="4" tag="082">
						<subfield code="a">950</subfield>
						<subfield code="2">23sdnb</subfield>
					</datafield>
					<datafield ind1="7" ind2="4" tag="082">
						<subfield code="a">320</subfield>
						<subfield code="2">23sdnb</subfield>
					</datafield>
					<datafield ind1=" " ind2=" " tag="084">
						<subfield code="a">MH 50096</subfield>
						<subfield code="2">rvk</subfield>
					</datafield>
					<datafield ind1="1" ind2=" " tag="100">
						<subfield code="a">Li, Jianglin</subfield>
						<subfield code="d">1956-</subfield>
						<subfield code="0">(DE-588)1118532317</subfield>
						<subfield code="4">aut</subfield>
					</datafield>
					<datafield ind1="1" ind2="0" tag="240">
						<subfield code="6">880-01</subfield>
						<subfield code="a">Dang tie niao zai tian kong fei xiang</subfield>
					</datafield>
					<datafield ind1="1" ind2="0" tag="880">
						<subfield code="6">240-01/$1</subfield>
						<subfield code="a">當鐵鳥在天空飛翔</subfield>
					</datafield>
					<datafield ind1="1" ind2="0" tag="245">
						<subfield code="a">When the iron bird flies</subfield>
						<subfield code="b">China's secret war in Tibet</subfield>
						<subfield code="c">Jianglin Li ; translated by Stacy Mosher ; with a foreword by the Dalai Lama</subfield>
					</datafield>
					<datafield ind1="1" ind2="3" tag="246">
						<subfield code="i">Originaltitel im Buch: Dang tieniao zai tiankong feixiang</subfield>
					</datafield>
					<datafield ind1=" " ind2="1" tag="264">
						<subfield code="a">Stanford, California</subfield>
						<subfield code="b">Stanford University Press</subfield>
						<subfield code="c">[2022]</subfield>
					</datafield>
					<datafield ind1=" " ind2=" " tag="300">
						<subfield code="a">xxi, 550 Seiten</subfield>
						<subfield code="b">Illustrationen, Karten</subfield>
					</datafield>
					<datafield ind1=" " ind2=" " tag="336">
						<subfield code="b">txt</subfield>
						<subfield code="2">rdacontent</subfield>
					</datafield>
					<datafield ind1=" " ind2=" " tag="337">
						<subfield code="b">n</subfield>
						<subfield code="2">rdamedia</subfield>
					</datafield>
					<datafield ind1=" " ind2=" " tag="338">
						<subfield code="b">nc</subfield>
						<subfield code="2">rdacarrier</subfield>
					</datafield>
					<datafield ind1=" " ind2=" " tag="504">
						<subfield code="a">Enthält bibliographische Angaben und Index</subfield>
					</datafield>
					<datafield ind1=" " ind2=" " tag="546">
						<subfield code="a">Chinesische Originalausgabe 2012 in Taipeh erschienen</subfield>
					</datafield>
					<datafield ind1=" " ind2="0" tag="651">
						<subfield code="a">Tibet Autonomous Region (China)</subfield>
						<subfield code="x">History</subfield>
						<subfield code="y">1951-</subfield>
					</datafield>
					<datafield ind1=" " ind2="0" tag="651">
						<subfield code="a">Tibet Autonomous Region (China)</subfield>
						<subfield code="x">History</subfield>
						<subfield code="y">Uprising of 1959</subfield>
					</datafield>
					<datafield ind1=" " ind2="0" tag="651">
						<subfield code="a">China</subfield>
						<subfield code="x">Relations</subfield>
						<subfield code="z">China</subfield>
						<subfield code="z">Tibet Autonomous Region</subfield>
					</datafield>
					<datafield ind1=" " ind2="0" tag="651">
						<subfield code="a">Tibet Autonomous Region (China)</subfield>
						<subfield code="x">Relations</subfield>
						<subfield code="z">China</subfield>
					</datafield>
					<datafield ind1=" " ind2="7" tag="650">
						<subfield code="a">International relations</subfield>
						<subfield code="2">fast</subfield>
						<subfield code="0">(OCoLC)fst00977053</subfield>
					</datafield>
					<datafield ind1=" " ind2="7" tag="651">
						<subfield code="a">China</subfield>
						<subfield code="2">fast</subfield>
						<subfield code="0">(OCoLC)fst01206073</subfield>
					</datafield>
					<datafield ind1=" " ind2="7" tag="651">
						<subfield code="a">China</subfield>
						<subfield code="z">Tibet Autonomous Region</subfield>
						<subfield code="2">fast</subfield>
						<subfield code="0">(OCoLC)fst01758817</subfield>
					</datafield>
					<datafield ind1=" " ind2="7" tag="647">
						<subfield code="a">Uprising of 1959</subfield>
						<subfield code="c">(Tibet Autonomous Region, China :</subfield>
						<subfield code="d">1959)</subfield>
						<subfield code="2">fast</subfield>
						<subfield code="0">(OCoLC)fst01802777</subfield>
					</datafield>
					<datafield ind1=" " ind2="7" tag="648">
						<subfield code="a">Since 1951</subfield>
						<subfield code="2">fast</subfield>
					</datafield>
					<datafield ind1=" " ind2="7" tag="655">
						<subfield code="a">History</subfield>
						<subfield code="2">fast</subfield>
						<subfield code="0">(OCoLC)fst01411628</subfield>
					</datafield>
					<datafield ind1=" " ind2="7" tag="648">
						<subfield code="a">Geschichte 1956-1962</subfield>
						<subfield code="2">gnd</subfield>
					</datafield>
					<datafield ind1=" " ind2="7" tag="650">
						<subfield code="a">Tibet</subfield>
						<subfield code="x">Aufstand</subfield>
						<subfield code="g">1959</subfield>
						<subfield code="2">gnd</subfield>
						<subfield code="0">(DE-588)4261166-0</subfield>
					</datafield>
					<datafield ind1=" " ind2="7" tag="650">
						<subfield code="a">Politischer Konflikt</subfield>
						<subfield code="2">gnd</subfield>
						<subfield code="0">(DE-588)4115589-0</subfield>
					</datafield>
					<datafield ind1=" " ind2="7" tag="651">
						<subfield code="a">Tibet</subfield>
						<subfield code="2">gnd</subfield>
						<subfield code="0">(DE-588)4060036-1</subfield>
					</datafield>
					<datafield ind1=" " ind2="7" tag="651">
						<subfield code="a">China</subfield>
						<subfield code="2">gnd</subfield>
						<subfield code="0">(DE-588)4009937-4</subfield>
					</datafield>
					<datafield ind1="0" ind2="8" tag="776">
						<subfield code="i">Erscheint auch als</subfield>
						<subfield code="n">Online-Ausgabe</subfield>
						<subfield code="z">9781503629790</subfield>
					</datafield>
					<datafield ind1="1" ind2=" " tag="700">
						<subfield code="a">Mosher, Stacy</subfield>
						<subfield code="0">(DE-588)1127161407</subfield>
						<subfield code="4">trl</subfield>
					</datafield>
					<datafield ind1=" " ind2=" " tag="900">
						<subfield code="a">OK_GND</subfield>
						<subfield code="x">UZB/Z01/202203/taub</subfield>
					</datafield>
					<datafield ind1=" " ind2=" " tag="900">
						<subfield code="a">Stoppsignal FRED</subfield>
						<subfield code="x">UZB/Z01/202203</subfield>
					</datafield>
					<datafield ind1=" " ind2=" " tag="AVA">
						<subfield code="0">9911317372005506</subfield>
						<subfield code="8">2286162190005506</subfield>
						<subfield code="a">41SLSP_HSG</subfield>
						<subfield code="b">HSG</subfield>
						<subfield code="c">Basement</subfield>
						<subfield code="d">MH 50096 L693 W5</subfield>
						<subfield code="e">available</subfield>
						<subfield code="f">1</subfield>
						<subfield code="g">0</subfield>
						<subfield code="j">UG</subfield>
						<subfield code="k">4</subfield>
						<subfield code="p">1</subfield>
						<subfield code="q">HSG</subfield>
					</datafield>
				</record>
			</recordData>
			<recordIdentifier>9911317372005506</recordIdentifier>
			<recordPosition>122</recordPosition>
		</record>
	</records>
	<extraResponseData xmlns:xb="http://www.exlibris.com/repository/search/xmlbeans/">
		<xb:exact>true</xb:exact>
		<xb:responseDate>2023-06-28T15:57:28+0200</xb:responseDate>
	</extraResponseData>
</searchRetrieveResponse>